    @MISC{UPX,
    	author =       "László Molnár and John F. Reiser",
    	title =        "Ultimate Packer for eXecutables",
    	howpublished=  "\url{http://upx.sourceforge.net/}",
    }
    
    @MISC{KKRUNCHY,
    	author =       "Fabian Giesen",
    	title =        "kkrunchy",
    	howpublished=  "\url{http://www.farbrausch.de/~fg/kkrunchy/}",
    }
    
    @BOOK{OBFUSKACE,
      author =       "Michael Mateas and Nick Montfort",
      title =        "A Box, Darkly: Obfuscation, Weird Languages, and Code Aesthetics. Proceedings of the 6th Digital Arts and Culture Conference",
      publisher =    "IT University of Copenhagen",
      year =         "2005",
    }

		@MISC{KENPERLIN,
    	author =       "Ken Perlin",
    	title =        "Making Noise",
    	howpublished=  "\url{http://www.noisemachine.com/talk1/index.html}",
    }

		@MISC{HUGOPERLIN,
    	author =       "Hugo Elias",
    	title =        "Perlin Noise",
    	howpublished=  "\url{http://freespace.virgin.net/hugo.elias/models/m_perlin.htm}",
    }

    @BOOK{MILET,
      author =       "Tomáš Milet",
      title =        "Grafické intro 64KB s použitím OpenGL [bakalářská práce]",
      publisher =    "FIT VUT",
      year =         "2010",
    }
    
    @BOOK{VORONOID,
      author =       "Franz Aurenhammer",
      title =        "Voronoi Diagrams – A survey of a Fundamental Geometric Data Structure",
      publisher =    "ACM Computing Surveys",
      year =         "1991",
    }
    
    @MISC{VOROWEB,
    	author =       "James Scott",
    	title =        "Making Cellular Textures",
    	howpublished=  "\url{http://www.blackpawn.com/texts/cellular/default.html}",
    }

     @BOOK{KONFIGURACE,
      author =       "Evgeni V. Chernyaev",
      title =        "Marching Cubes 33: Construction of Topologically Correct Isosurfaces",
      year =         "1995",
    }
    
    @BOOK{MARCHINGCUBES,
    	author =       "Thomas Lewiner and Hélio Lopes and Antônio Wilson Vieira and Geovan Tavares",
    	title =        "Efficient implementation of Marching Cubes’ cases with topological guarantees",
    	publisher =    "Laboratório MatMídia",
      year =         "2003",
    }
    
    @BOOK{MARCHINGCUBESCASE,
    	author =       "Evgeni V. Chernyaev",
    	title =        "Marching Cubes 33: Construction of Topologically Correct Isosurfaces",
    	publisher =    "Institute for High Energy Physics",
      year =         "1995",
    }
    @BOOK{CATMULLROM,
      author =       "Kenneth I. Joy",
      title =        "Catmull-Rom splines",
      year =         "2002",
    }
    @MISC{V2,
    	author =       "Farbrausch",
    	title =        "V2 synthesizer system",
    	howpublished=  "\url{http://1337haxorz.de/products.html}",
    }
    @MISC{FLS,
    	author =       "Image-Line",
    	title =        "FL Studio",
    	howpublished=  "\url{http://www.image-line.com/index.html}",
    }
    @BOOK{KASKADY,
      author =       "Ryan Geiss and Michael Thompson",
      title =        "Cascades",
      publisher =    "NVIDIA Corporation",
      year =         "2006",
    }

